<record type="Bibliographic">
	<leader>00000pam a2200000 c 4500</leader>
	<controlfield tag="001">1172826978</controlfield>
	<controlfield tag="003">DE-101</controlfield>
	<controlfield tag="005">20190305223039.0</controlfield>
	<controlfield tag="007">tu</controlfield>
	<controlfield tag="008">181205s2018 gw ||||| |||| 00||||ger  </controlfield>
	<datafield tag="015" ind1=" " ind2=" ">
		<subfield code="a">19,A11</subfield>
		<subfield code="z">18,N50</subfield>
		<subfield code="2">dnb</subfield>
	</datafield>
	<datafield tag="016" ind1="7" ind2=" ">
		<subfield code="2">DE-101</subfield>
		<subfield code="a">1172826978</subfield>
	</datafield>
	<datafield tag="020" ind1=" " ind2=" ">
		<subfield code="c">978-3-96145-429-7Broschur : EUR 8.00 (DE), EUR 8.30 (AT)</subfield>
	</datafield>
	<datafield tag="020" ind1=" " ind2=" ">
		<subfield code="a">3961454299</subfield>
		<subfield code="9">3-96145-429-9</subfield>
	</datafield>
	<datafield tag="024" ind1="3" ind2=" ">
		<subfield code="a">9783961454297</subfield>
	</datafield>
	<datafield tag="035" ind1=" " ind2=" ">
		<subfield code="a">(DE-599)DNB1172826978</subfield>
	</datafield>
	<datafield tag="035" ind1=" " ind2=" ">
		<subfield code="a">(OCoLC)1078908731</subfield>
	</datafield>
	<datafield tag="040" ind1=" " ind2=" ">
		<subfield code="a">1145</subfield>
		<subfield code="b">ger</subfield>
		<subfield code="c">DE-101</subfield>
		<subfield code="d">9999</subfield>
		<subfield code="e">rda</subfield>
	</datafield>
	<datafield tag="041" ind1=" " ind2=" ">
		<subfield code="a">ger</subfield>
		<subfield code="a">spa</subfield>
	</datafield>
	<datafield tag="044" ind1=" " ind2=" ">
		<subfield code="c">XA-DE-SN</subfield>
	</datafield>
	<datafield tag="082" ind1="7" ind2="4">
		<subfield code="a">830</subfield>
		<subfield code="a">B</subfield>
		<subfield code="q">DE-101</subfield>
		<subfield code="2">23sdnb</subfield>
	</datafield>
	<datafield tag="090" ind1=" " ind2=" ">
		<subfield code="a">b</subfield>
	</datafield>
	<datafield tag="100" ind1="1" ind2=" ">
		<subfield code="0">(DE-588)131758438</subfield>
		<subfield code="0">http://d-nb.info/gnd/131758438</subfield>
		<subfield code="0">(DE-101)131758438</subfield>
		<subfield code="a">Elizondo, Marta</subfield>
		<subfield code="d">1955-</subfield>
		<subfield code="e">Verfasser</subfield>
		<subfield code="4">aut</subfield>
	</datafield>
	<datafield tag="245" ind1="0" ind2="0">
		<subfield code="a">Mystische Gegenwart</subfield>
		<subfield code="b">= Mística presencia</subfield>
		<subfield code="c">Marta Elizondo</subfield>
	</datafield>
	<datafield tag="246" ind1="1" ind2="1">
		<subfield code="a">Mística presencia</subfield>
	</datafield>
	<datafield tag="250" ind1=" " ind2=" ">
		<subfield code="a">[1. Auflage]</subfield>
	</datafield>
	<datafield tag="259" ind1=" " ind2=" ">
		<subfield code="a">11</subfield>
	</datafield>
	<datafield tag="264" ind1=" " ind2="1">
		<subfield code="a">Leipzig</subfield>
		<subfield code="b">Engelsdorfer Verlag</subfield>
		<subfield code="c">2018</subfield>
	</datafield>
	<datafield tag="300" ind1=" " ind2=" ">
		<subfield code="a">67 Seiten</subfield>
		<subfield code="c">19 cm</subfield>
	</datafield>
	<datafield tag="336" ind1=" " ind2=" ">
		<subfield code="a">Text</subfield>
		<subfield code="b">txt</subfield>
		<subfield code="2">rdacontent</subfield>
	</datafield>
	<datafield tag="337" ind1=" " ind2=" ">
		<subfield code="a">ohne Hilfsmittel zu benutzen</subfield>
		<subfield code="b">n</subfield>
		<subfield code="2">rdamedia</subfield>
	</datafield>
	<datafield tag="338" ind1=" " ind2=" ">
		<subfield code="a">Band</subfield>
		<subfield code="b">nc</subfield>
		<subfield code="2">rdacarrier</subfield>
	</datafield>
	<datafield tag="653" ind1=" " ind2=" ">
		<subfield code="a">(Produktform)Paperback / softback</subfield>
	</datafield>
	<datafield tag="653" ind1=" " ind2=" ">
		<subfield code="a">Deutsch</subfield>
	</datafield>
	<datafield tag="653" ind1=" " ind2=" ">
		<subfield code="a">Gedicht</subfield>
	</datafield>
	<datafield tag="653" ind1=" " ind2=" ">
		<subfield code="a">Spanisch</subfield>
	</datafield>
	<datafield tag="653" ind1=" " ind2=" ">
		<subfield code="a">(VLB-WN)2151: Taschenbuch / Belletristik/Lyrik</subfield>
	</datafield>
	<datafield tag="655" ind1=" " ind2="7">
		<subfield code="0">(DE-588)4002214-6</subfield>
		<subfield code="0">http://d-nb.info/gnd/4002214-6</subfield>
		<subfield code="0">(DE-101)040022145</subfield>
		<subfield code="a">Anthologie</subfield>
		<subfield code="2">gnd-content</subfield>
	</datafield>
	<datafield tag="655" ind1=" " ind2="7">
		<subfield code="0">(DE-101)1010836315</subfield>
		<subfield code="a">Lyrik</subfield>
		<subfield code="2">gatbeg</subfield>
	</datafield>
	<datafield tag="710" ind1="2" ind2=" ">
		<subfield code="0">(DE-588)1065429614</subfield>
		<subfield code="0">http://d-nb.info/gnd/1065429614</subfield>
		<subfield code="0">(DE-101)1065429614</subfield>
		<subfield code="a">Engelsdorfer Verlag</subfield>
		<subfield code="e">Verlag</subfield>
		<subfield code="4">pbl</subfield>
	</datafield>
	<datafield tag="850" ind1=" " ind2=" ">
		<subfield code="a">DE-101a</subfield>
		<subfield code="a">DE-101b</subfield>
	</datafield>
	<datafield tag="856" ind1="4" ind2="2">
		<subfield code="m">B:DE-101</subfield>
		<subfield code="q">application/pdf</subfield>
		<subfield code="u">http://d-nb.info/1172826978/04</subfield>
		<subfield code="3">Inhaltsverzeichnis</subfield>
	</datafield>
	<datafield tag="925" ind1="r" ind2=" ">
		<subfield code="a">ra</subfield>
	</datafield>
	<datafield tag="926" ind1="2" ind2=" ">
		<subfield code="a">CFDM</subfield>
		<subfield code="o">93</subfield>
		<subfield code="q">Publisher</subfield>
		<subfield code="v">1.2</subfield>
		<subfield code="x">Zweisprachigkeit und Mehrsprachigkeit</subfield>
	</datafield>
	<datafield tag="926" ind1="2" ind2=" ">
		<subfield code="a">DC</subfield>
		<subfield code="o">93</subfield>
		<subfield code="q">Publisher</subfield>
		<subfield code="v">1.2</subfield>
		<subfield code="x">Lyrik, Poesie</subfield>
	</datafield>
</record>